<record><leader>00000cas a22000007a 4500</leader><controlfield tag="001">13878281</controlfield><controlfield tag="008">860716u184uuuuupauwr ne      0    0eng d</controlfield><datafield ind1=" " ind2=" " tag="010"><subfield code="a">sn 85036108 </subfield></datafield><datafield ind1=" " ind2=" " tag="040"><subfield code="a">NPA</subfield><subfield code="b">eng</subfield><subfield code="c">NPA</subfield><subfield code="d">OCLCQ</subfield></datafield><datafield ind1=" " ind2=" " tag="042"><subfield code="a">msc</subfield></datafield><datafield ind1="0" ind2="4" tag="245"><subfield code="a">The Freeport weekly visiter, and repository of general literature, and intelligence.</subfield></datafield><datafield ind1="3" ind2="0" tag="246"><subfield code="a">Freeport weekly visiter</subfield></datafield><datafield ind1="1" ind2="7" tag="246"><subfield code="a">Weekly visiter</subfield></datafield><datafield ind1=" " ind2=" " tag="260"><subfield code="a">Freeport, Armstrong Co., Pa. :</subfield><subfield code="b">James F. Campbell and J.V. Reid</subfield></datafield><datafield ind1=" " ind2=" " tag="300"><subfield code="a">v. ;</subfield><subfield code="c">61 cm.</subfield></datafield><datafield ind1=" " ind2=" " tag="310"><subfield code="a">Weekly</subfield></datafield><datafield ind1=" " ind2=" " tag="588"><subfield code="a">Description based on: Vol. 1, no. 16 (Aug. 23, 1848).</subfield></datafield><datafield ind1=" " ind2=" " tag="752"><subfield code="a">United States</subfield><subfield code="b">Pennsylvania</subfield><subfield code="c">Armstrong</subfield><subfield code="d">Freeport.</subfield></datafield><datafield ind1="1" ind2=" " tag="029"><subfield code="a">AU@</subfield><subfield code="b">000025788718</subfield></datafield></record>